<record><leader>00000cas a22000007a 4500</leader><controlfield tag="001">39903929</controlfield><controlfield tag="008">980921d19851987meumr ne      0    0eng d</controlfield><datafield ind1=" " ind2=" " tag="010"><subfield code="a">sn 98065837 </subfield></datafield><datafield ind1=" " ind2=" " tag="040"><subfield code="a">MBN</subfield><subfield code="b">eng</subfield><subfield code="c">MBN</subfield><subfield code="d">OCLCQ</subfield><subfield code="d">OCLCF</subfield><subfield code="d">OCLCO</subfield></datafield><datafield ind1="1" ind2=" " tag="029"><subfield code="a">AU@</subfield><subfield code="b">000014197073</subfield></datafield><datafield ind1=" " ind2=" " tag="042"><subfield code="a">msc</subfield></datafield><datafield ind1=" " ind2=" " tag="043"><subfield code="a">n-us-me</subfield></datafield><datafield ind1="0" ind2="0" tag="245"><subfield code="a">Islesboro up-date.</subfield></datafield><datafield ind1="3" ind2="0" tag="246"><subfield code="a">Islesboro update</subfield></datafield><datafield ind1=" " ind2=" " tag="260"><subfield code="a">Islesboro, Me. :</subfield><subfield code="b">Agatha Cabaniss</subfield></datafield><datafield ind1=" " ind2=" " tag="300"><subfield code="a">v.</subfield></datafield><datafield ind1=" " ind2=" " tag="310"><subfield code="a">Monthly</subfield></datafield><datafield ind1="0" ind2=" " tag="362"><subfield code="a">Vol. 1, no. 1 (Mar. 1985)-v. 4, no. 5 (May 1987).</subfield></datafield><datafield ind1=" " ind2="0" tag="651"><subfield code="a">Islesboro (Me.)</subfield><subfield code="v">Newspapers.</subfield></datafield><datafield ind1=" " ind2="7" tag="655"><subfield code="a">Newspapers.</subfield><subfield code="2">fast</subfield><subfield code="0">(OCoLC)fst01423814</subfield></datafield><datafield ind1=" " ind2="7" tag="651"><subfield code="a">Maine</subfield><subfield code="z">Islesboro.</subfield><subfield code="2">fast</subfield><subfield code="0">(OCoLC)fst01298206</subfield></datafield><datafield ind1=" " ind2=" " tag="752"><subfield code="a">United States</subfield><subfield code="b">Maine</subfield><subfield code="c">Waldo</subfield><subfield code="d">Islesboro.</subfield></datafield><datafield ind1="0" ind2="0" tag="785"><subfield code="t">Islesboro Island news</subfield><subfield code="w">(DLC)sn 93006340</subfield></datafield></record>